@misc{pencil,
  title={Pencil Project},
	author={Evolus},
	note="[cit. 2015-12-23]",
  	url={http://pencil.evolus.vn/},
	key="metod"
}
@misc{nettfr,
  title={Seznámení s Nette Frameworkem},
	author={Nette Foundation},
	note="[cit. 2015-12-27]",
  	url={https://doc.nette.org/cs/2.3/getting-started},
	key="metod"
}



